<record><leader>00000cas a22000007a 4500</leader><controlfield tag="001">4772540</controlfield><controlfield tag="008">790323d18591956nyuwr ne      0    0eng d</controlfield><datafield ind1=" " ind2=" " tag="010"><subfield code="a">sn 83031554 </subfield></datafield><datafield ind1=" " ind2=" " tag="040"><subfield code="a">YHM</subfield><subfield code="b">eng</subfield><subfield code="c">YHM</subfield><subfield code="d">NPU</subfield><subfield code="d">DLC</subfield><subfield code="d">NPU</subfield><subfield code="d">NPX</subfield><subfield code="d">NYS</subfield><subfield code="d">OCL</subfield><subfield code="d">OCLCF</subfield><subfield code="d">OCLCO</subfield></datafield><datafield ind1="1" ind2=" " tag="029"><subfield code="a">AU@</subfield><subfield code="b">000020227267</subfield></datafield><datafield ind1=" " ind2=" " tag="042"><subfield code="a">msc</subfield></datafield><datafield ind1="0" ind2=" " tag="130"><subfield code="a">Clinton courier (Clinton, N.Y. : 1859)</subfield></datafield><datafield ind1="0" ind2="4" tag="245"><subfield code="a">The Clinton courier.</subfield></datafield><datafield ind1=" " ind2=" " tag="260"><subfield code="a">Clinton, [N.Y.] :</subfield><subfield code="b">M.D. Raymond,</subfield><subfield code="c">1859-</subfield></datafield><datafield ind1=" " ind2=" " tag="300"><subfield code="a">v. :</subfield><subfield code="b">ill. (chiefly advertisements) ;</subfield><subfield code="c">54-62 cm.</subfield></datafield><datafield ind1=" " ind2=" " tag="310"><subfield code="a">Weekly</subfield></datafield><datafield ind1="0" ind2=" " tag="362"><subfield code="a">Vol. 3, no. 1 (Sept. 8, 1859)-</subfield></datafield><datafield ind1="1" ind2=" " tag="362"><subfield code="a">Ceased with Oct. 4, 1956 issue.</subfield></datafield><datafield ind1=" " ind2=" " tag="500"><subfield code="a">Editor: James B. Sykes, &lt;1876&gt;.</subfield></datafield><datafield ind1=" " ind2="0" tag="651"><subfield code="a">Clinton (N.Y.)</subfield><subfield code="v">Newspapers.</subfield></datafield><datafield ind1=" " ind2="0" tag="651"><subfield code="a">Oneida County (N.Y.)</subfield><subfield code="v">Newspapers.</subfield></datafield><datafield ind1=" " ind2="7" tag="655"><subfield code="a">Newspapers.</subfield><subfield code="2">fast</subfield><subfield code="0">(OCoLC)fst01423814</subfield></datafield><datafield ind1=" " ind2="7" tag="651"><subfield code="a">New York (State)</subfield><subfield code="z">Clinton.</subfield><subfield code="2">fast</subfield><subfield code="0">(OCoLC)fst01202863</subfield></datafield><datafield ind1=" " ind2="7" tag="651"><subfield code="a">New York (State)</subfield><subfield code="z">Oneida County.</subfield><subfield code="2">fast</subfield><subfield code="0">(OCoLC)fst01209049</subfield></datafield><datafield ind1=" " ind2=" " tag="752"><subfield code="a">United States</subfield><subfield code="b">New York</subfield><subfield code="c">Oneida</subfield><subfield code="d">Clinton.</subfield></datafield><datafield ind1="0" ind2="0" tag="780"><subfield code="t">Clinton courier and Oneida chief</subfield><subfield code="w">(DLC)sn 91066766</subfield><subfield code="w">(OCoLC)24526341</subfield></datafield><datafield ind1="0" ind2="5" tag="780"><subfield code="t">Clinton advertiser (Clinton, N.Y.)</subfield><subfield code="g">1911</subfield><subfield code="w">(DLC)sn 91066767</subfield><subfield code="w">(OCoLC)24526464</subfield></datafield><datafield ind1="0" ind2="0" tag="785"><subfield code="t">Courier (Clinton, N.Y.)</subfield><subfield code="w">(DLC)sn 92061719</subfield><subfield code="w">(OCoLC)25104014</subfield></datafield></record>